<?xml version="1.0" encoding="UTF-8"?><collection xmlns="http://www.loc.gov/MARC21/slim"><record><leader>00315nam--2200121-i-4500</leader><controlfield tag="001">000001874</controlfield><controlfield tag="002">20161230</controlfield><controlfield tag="005">20161230201024</controlfield><controlfield tag="008">060222s1000------------r-----000-0-eng-d</controlfield><datafield ind1=" " ind2=" " tag="100"><subfield code="a">Gotzel, Claus G</subfield></datafield><datafield ind1=" " ind2=" " tag="245"><subfield code="a">Treatise on powder metallurgy</subfield></datafield><datafield ind1=" " ind2=" " tag="260"><subfield code="a">New York, Interscience Publishers, 1963 .Pag. Dif</subfield></datafield><datafield ind1=" " ind2=" " tag="852"><subfield code="a">19709</subfield></datafield></record></collection>